@article{Yagel2007,
    title = {{3D and 4D ultrasound in fetal cardiac scanning: A new look at the fetal heart}},
    year = {2007},
    journal = {Ultrasound in Obstetrics and Gynecology},
    author = {Yagel, S. and Cohen, S. M. and Shapiro, I. and Valsky, D. V.},
    number = {1},
    pages = {81--95},
    volume = {29},
    isbn = {0960-7692 (Print) 0960-7692 (Linking)},
    doi = {10.1002/uog.3912},
    issn = {09607692},
    pmid = {17200988},
    keywords = {3D-4D ultrasound, Fetal echocardiography, Inversion mode, Power Doppler, STIC, Tomographic ultrasound imaging}
}

@article{Jin2017,
    title = {{A 3D Skeletonization Algorithm for 3D Mesh Models Using a Partial Parallel 3D Thinning Algorithm and 3D Skeleton Correcting Algorithm}},
    year = {2017},
    journal = {Applied Sciences},
    author = {Jin, Xun and Kim, Jongweon},
    number = {2},
    month = {2},
    pages = {139},
    volume = {7},
    url = {http://www.mdpi.com/2076-3417/7/2/139},
    doi = {10.3390/app7020139},
    issn = {2076-3417},
    keywords = {3D model, correcting, skeletonization, thinning, voxelization}
}

@article{Ma1996,
    title = {{A fully parallel 3D thinning algorithm and its applications}},
    year = {1996},
    journal = {Computer Vision and Image Understanding},
    author = {Ma, C. Min and Sonka, Milan},
    number = {3},
    pages = {420--433},
    volume = {64},
    isbn = {1077-3142},
    doi = {10.1006/cviu.1996.0069},
    issn = {10773142},
    pmid = {1587845}
}

@article{Bertrand2006,
    title = {{A New 3D Parallel Thinning Scheme Based on Critical Kernels}},
    year = {2006},
    journal = {Proceedings of the 13th International Conference on Discrete Geometry for Computer Imagery},
    author = {Bertrand, Gilles and Couprie, Michel},
    pages = {580–591},
    volume = {4245},
    url = {http://www.springerlink.com/index/y307132v246770uk.pdf},
    isbn = {3540476512},
    issn = {16113349}
}

@article{Palagyi1997,
    title = {{A parallel 12-subiteration 3D thinning algorithm to extract medial lines}},
    year = {1997},
    journal = {Lecture Notes in Computer Science (including subseries Lecture Notes in Artificial Intelligence and Lecture Notes in Bioinformatics)},
    author = {Pal{\'{a}}gyi, Kálmán and Kuba, Attila},
    pages = {400--407},
    volume = {1296},
    isbn = {3540634606},
    doi = {10.1007/3-540-63460-6{\_}143},
    issn = {16113349}
}

@article{Huang2017,
    title = {{A Review on Real-Time 3D Ultrasound Imaging Technology}},
    year = {2017},
    journal = {BioMed Research International},
    author = {Huang, Qinghua and Zeng, Zhaozheng},
    volume = {2017},
    isbn = {2314-6141 (Electronic)},
    doi = {10.1155/2017/6027029},
    issn = {23146141},
    pmid = {28459067}
}

@article{Liu2010,
    title = {{A simple and robust thinning algorithm on cell complexes}},
    year = {2010},
    journal = {Computer Graphics Forum},
    author = {Liu, L. and Chambers, E. W. and Letscher, D. and Ju, T.},
    number = {7},
    pages = {2253--2260},
    volume = {29},
    isbn = {01677055},
    doi = {10.1111/j.1467-8659.2010.01814.x},
    issn = {14678659}
}

@inproceedings{Gao2011,
    title = {{An extended concept of voxel neighborhoods for correct thinning in mesh segmentation}},
    year = {2005},
    booktitle = {Proceedings of the 21st spring conference on Computer graphics - SCCG '05},
    author = {Brunner, David and Brunnett, Guido},
    number = {4},
    pages = {119},
    volume = {30},
    publisher = {ACM Press},
    url = {http://www.liebertonline.com/doi/abs/10.1089/hyb.2011.0017 http://portal.acm.org/citation.cfm?doid=1090122.1090143},
    address = {New York, New York, USA},
    isbn = {1595932036},
    doi = {10.1145/1090122.1090143},
    keywords = {mesh segmentation, skeleton graph, thinning, volume genera-}
}

@article{Alexiadis2017,
    title = {{An Integrated Platform for Live 3D Human Reconstruction and Motion Capturing}},
    year = {2017},
    journal = {IEEE Transactions on Circuits and Systems for Video Technology},
    author = {Alexiadis, DImitrios S. and Chatzitofis, Anargyros and Zioulis, Nikolaos and Zoidi, Olga and Louizis, Georgios and Zarpalas, DImitrios and Daras, Petros},
    number = {4},
    pages = {798--813},
    volume = {27},
    isbn = {1051-8215},
    doi = {10.1109/TCSVT.2016.2576922},
    issn = {10518215},
    keywords = {3D motion capture, 3D reconstruction, Depth sensors, Evaluation, Kinect, Skeleton tracking, Tele-immersion (TI)}
}

@article{Maintz1996,
    title = {{An Overview of Medical Image Registration Methods (Cited by: 2654)}},
    year = {1996},
    journal = {Nature},
    author = {Maintz, J B Antoine and Viergever, Max a},
    number = {6},
    pages = {1--22},
    volume = {12},
    url = {http://citeseerx.ist.psu.edu/viewdoc/summary?doi=10.1.1.39.4417},
    isbn = {0769519571},
    doi = {10.1.1.39.4417},
    issn = {1361-8415},
    pmid = {16830401},
    keywords = {image registration, intrinsic method}
}

@article{MaintzJBAntoine1999,
    title = {{An overview of medical image registration registration methods}},
    year = {1999},
    journal = {Medical Image Analysis},
    author = {Maintz, J B Antoine, Viergever},
    keywords = {image registration, intrinsic method}
}

@article{Shetty2016,
    title = {{Analysis of Fetal Development Using Ultrasound Images}},
    year = {2016},
    author = {Shetty, Shamya and Mathew, Jose Alex},
    number = {3},
    pages = {1--7},
    volume = {6},
    doi = {10.9790/4200-0603030107},
    keywords = {denoising, enhancement, image analysis, ultrasound images}
}

@article{Cheng2007,
    title = {{Articulated human body pose inference from voxel data using a kinematically constrained Gaussian mixture model}},
    year = {2007},
    journal = {{\ldots} of Articulated Human Motion and Pose {\ldots}},
    author = {Cheng, SY and Trivedi, MM},
    url = {http://cs.brown.edu/people/ls/ehum2/submissions/cvpr_ehum_2007_cheng.pdf}
}

@article{Baran2007,
    title = {{Automatic rigging and animation of 3D characters}},
    year = {2007},
    journal = {ACM Transactions on Graphics},
    author = {Baran, Ilya and Popovi{\'{c}}, Jovan},
    number = {99},
    pages = {72},
    volume = {26},
    url = {http://portal.acm.org/citation.cfm?doid=1276377.1276467},
    isbn = {9781595936486},
    doi = {10.1145/1276377.1276467},
    issn = {07300301},
    keywords = {animation, deformations, geometric modeling}
}

@article{Bharaj2012,
    title = {{Bharaj-EG2012.pdf}},
    year = {2012},
    author = {Bharaj, Gaurav and Thorm{\"{a}}hlen, Thorsten and Seidel, Hans-peter and Theobalt, Christian},
    number = {2},
    volume = {31}
}

@article{Correa2010,
    title = {{Constrained illustrative volume deformation}},
    year = {2010},
    journal = {Computers and Graphics (Pergamon)},
    author = {Correa, Carlos D. and Silver, Deborah and Chen, Min},
    number = {4},
    pages = {370--377},
    volume = {34},
    publisher = {Elsevier},
    url = {http://dx.doi.org/10.1016/j.cag.2010.01.007},
    isbn = {0097-8493},
    doi = {10.1016/j.cag.2010.01.007},
    issn = {00978493},
    keywords = {Displacement mapping, GPU-based rendering, Illustrative deformation, Volume rendering}
}

@article{Muller2014,
    title = {{Deriving Anatomical Context from 4D Ultrasound.}},
    year = {2014},
    author = {M{\"{u}}ller, Markus and Helljesen, Linn Emilie S\a evil and Prevost, Raphael and Viola, Ivan and Nylund, Kim and Gilja, Odd Helge and Navab, Nassir and Wein, Wolfgang},
    pages = {173–180},
    url = {http://publik.tuwien.ac.at/files/PubDat_231602.pdf},
    doi = {10.2312/vcbm.20141196}
}

@article{Veelaert2005,
    title = {{Discrete Geometry for Computer Imagery}},
    year = {2005},
    author = {Veelaert, P},
    number = {October 2006},
    pages = {359--370},
    isbn = {978-3-540-47651-1},
    doi = {10.1007/11907350}
}

@article{Veelaert2005b,
    title = {{Discrete Geometry for Computer Imagery}},
    year = {2011},
    journal = {Proceedings of the 13th International Conference on Discrete Geometry for Computer Imagery},
    author = {Ma, C. Min and Sonka, Milan and Jin, Xun and Kim, Jongweon and Pal{\'{a}}gyi, Kálmán and Kuba, Attila and Gao, Xue and Wang, Li-Mei and Bai, Yin-Lan and Jiang, Hong and Li, Yuan and Shi, Chang-Hong and Zhang, Hai and Xue, Ying and Bertrand, Gilles and Couprie, Michel and Liu, L. and Chambers, E. W. and Letscher, D. and Ju, T. and Jim{\'{e}}nez, J and Miras, J Ruiz De and Veelaert, P and Jalba, Andrei C. and Kustra, Jacek and Telea, Alexandru C.},
    number = {7},
    pages = {580–591},
    volume = {1296},
    url = {http://www.springerlink.com/index/y307132v246770uk.pdf http://www.liebertonline.com/doi/abs/10.1089/hyb.2011.0017 http://www.mdpi.com/2076-3417/7/2/139},
    isbn = {1939-3539 (Electronic){\textbackslash}r0098-5589 (Linking)},
    doi = {10.1109/TPAMI.2012.212},
    issn = {16113349},
    pmid = {21851232},
    keywords = {3D model, Geodesics, Medial axes, Skeleton regularization, correcting, mesh segmentation, skeleton graph, skeletonization, thinning, volume genera-, voxelization}
}

@article{Klein2010,
    title = {{Elastix: A toolbox for intensity-based medical image registration}},
    year = {2010},
    journal = {IEEE Transactions on Medical Imaging},
    author = {Klein, Stefan and Staring, Marius and Murphy, Keelin and Viergever, Max A. and Pluim, Josien P.W.},
    number = {1},
    pages = {196--205},
    volume = {29},
    isbn = {1558-254X (Electronic){\textbackslash}n0278-0062 (Linking)},
    doi = {10.1109/TMI.2009.2035616},
    issn = {02780062},
    pmid = {19923044},
    keywords = {Elastix, Image registration, Medical imaging, Open source, Software}
}

@article{Whitworth2014,
    title = {{Europe PMC Funders Group Ultrasound for fetal assessment in early pregnancy}},
    year = {2014},
    author = {Whitworth, Melissa and Bricker, Leanne and Neilson, James P and Dowswell, Therese},
    number = {4},
    doi = {10.1002/14651858.CD007058.pub2.Ultrasound}
}

@article{Correa2006,
    title = {{Examination of the fetal brain by transabdominal three-dimensional ultrasound: Potential for routine neurosonographic studies}},
    year = {2006},
    journal = {Ultrasound in Obstetrics and Gynecology},
    author = {Correa, F. F. and Lara, C. and Bellver, J. and Remoh{\'{i}}, J. and Pellicer, A. and Serra, V.},
    number = {5},
    pages = {503--508},
    volume = {27},
    isbn = {0960-7692},
    doi = {10.1002/uog.2750},
    issn = {09607692},
    pmid = {16586474},
    keywords = {Fetus, Neurosonography, Prenatal diagnosis, Three-dimensional ultrasound}
}

@article{Moeglin2005,
    title = {{Fetal lung volumetry using two- and three-dimensional ultrasound}},
    year = {2005},
    journal = {Ultrasound in Obstetrics and Gynecology},
    author = {Moeglin, D. and Talmant, C. and Duyme, M. and Lopez, A. C.},
    number = {2},
    pages = {119--127},
    volume = {25},
    url = {http://doi.wiley.com/10.1002/uog.1799},
    doi = {10.1002/uog.1799},
    issn = {0960-7692}
}

@article{Loughna2009,
    title = {{Fetal Size and Dating: Charts Recommended for Clinical Obstetric Practice}},
    year = {2009},
    journal = {Ultrasound},
    author = {Loughna, Pam and Chitty, Lyn and Evans, Tony and Chudleigh, Trish},
    number = {3},
    pages = {160--166},
    volume = {17},
    url = {http://journals.sagepub.com/doi/10.1179/174313409X448543},
    isbn = {1742271X{\textbackslash}r17431344},
    doi = {10.1179/174313409X448543},
    issn = {1742-271X}
}

@article{Jimenez2011,
    title = {{Gpu Optimization and Performance Analysis of a 3D Curve-Skeleton Generation Algorithm}},
    year = {2011},
    author = {Jim{\'{e}}nez, J and Miras, J Ruiz De},
    pages = {77--86},
    isbn = {9789898565020}
}

@article{Hoetzlein2016,
    title = {{GVDB: Raytracing Sparse Voxel Database Structures on the GPU}},
    year = {2016},
    journal = {High Performance Graphics},
    author = {Hoetzlein, Rama Karl},
    isbn = {978-3-03868-008-6},
    doi = {10.2312/hpg.20161197},
    issn = {2079-8679},
    keywords = {I37 [Computer Graphics], Three-Dimensional Graphics and Realism—Raytracing}
}

@article{Tran2008,
    title = {{Hand modeling and tracking from voxel data: An integrated framework with automatic initialization}},
    year = {2008},
    journal = {2008 19th International Conference on Pattern Recognition},
    author = {Tran, Cuong and Trivedi, Mohan M.},
    number = {June},
    pages = {1--4},
    url = {http://ieeexplore.ieee.org/document/4761124/},
    isbn = {978-1-4244-2174-9},
    doi = {10.1109/ICPR.2008.4761124},
    issn = {1051-4651}
}

@article{Causo2009,
    title = {{Hand pose estimation using voxel-based individualized hand model}},
    year = {2009},
    journal = {IEEE/ASME International Conference on Advanced Intelligent Mechatronics, AIM},
    author = {Causo, Albert and Matsuo, Mai and Ueda, Etsuko and Takemura, Kentaro and Matsumoto, Yoshio and Takamatsu, Jun and Ogasawara, Tsukasa},
    number = {August},
    pages = {451--456},
    isbn = {9781424428533},
    doi = {10.1109/AIM.2009.5229971}
}

@article{Viola2013,
    title = {{High-Quality 3D Visualization of In-Situ Ultrasonography}},
    year = {2013},
    journal = {Eurographics},
    author = {Viola, I and Birkeland, Å and Solteszova, V and Helljesen, L and Hauser, H and Kotopoulis, S and Nylund, K},
    pages = {1--4},
    doi = {10.2312/conf/EG2013/med/001-004}
}

@article{Mikic2003,
    title = {{Human body model acquisition and tracking using voxel data}},
    year = {2003},
    journal = {International Journal of Computer Vision},
    author = {Miki{\'{c}}, Ivana and Trivedi, Mohan and Hunter, Edward and Cosman, Pamela},
    number = {3},
    pages = {199--223},
    volume = {53},
    isbn = {0920-5691},
    doi = {10.1023/A:1023012723347},
    issn = {09205691},
    pmid = {16751921},
    keywords = {Human body model acquisition, Motion capture, Pose estimation}
}

@article{Magnus2018,
    title = {{Interactive Dynamic Volume Illumination with Refraction and Caustics}},
    year = {2018},
    journal = {IEEE Transactions on Visualization and Computer Graphics},
    author = {Magnus, Jens G. and Bruckner, Stefan},
    number = {1},
    pages = {984--993},
    volume = {24},
    isbn = {1077-2626 VO - PP},
    doi = {10.1109/TVCG.2017.2744438},
    issn = {10772626},
    keywords = {Interactive volume rendering, caustics, illumination, refraction, shadows}
}

@article{A2008,
    title = {{Interactive Volume Manipulation}},
    year = {2008},
    author = {A, Hung-Li Jason Chen}
}

@article{Singh2004,
    title = {{Interactive volume manipulation with selective rendering for improved visualization}},
    year = {2004},
    journal = {IEEE Symposium on Volume Visualization and Graphics},
    author = {Singh, V. and Silver, Deborah},
    pages = {95--102},
    volume = {M},
    url = {http://ieeexplore.ieee.org/lpdocs/epic03/wrapper.htm?arnumber=1374290},
    isbn = {0-7803-8781-3},
    doi = {10.1109/SVVG.2004.7},
    keywords = {IK (inverse-kinematics) skeleton, Improved visualization, animation., modeling, selective rendering, volume manipulation}
}

@article{Hoetzlein,
    title = {{Introduction and Techniques With Nvidia {\textregistered} Gvdb Voxels}},
    author = {Hoetzlein, Rama and Architect, Lead and Voxels, Gvdb}
}

@article{Silaghi1998,
    title = {{Local and Global Skeleton Fitting Techniques for Optical Motion Capture}},
    year = {1998},
    journal = {Workshop on Modelling and Motion Capture Techniques for Virtual Environments},
    author = {Silaghi, Marius and Plankers, Ralf and Boulic, Ronan and Fua, Pascal and Thalmann, Daniel},
    pages = {26--40},
    volume = {1537},
    isbn = {978-3-540-65353-0},
    doi = {10.1007/3-540-49384-0{\_}3},
    issn = {16113349}
}

@article{Solteszova2012,
    title = {{Lowest-Variance Streamlines for Filtering of 3D Ultrasound}},
    year = {2012},
    journal = {Eurographics Workshop on Visual Computing for Biology and Medicine},
    author = {Solteszova, Veronika and Helljesen, Linn Emilie Saevil and Wein, Wolfgang and Gilja, Odd Helge and Viola, Ivan},
    url = {http://www.ii.uib.no/vis/publications/pdfs/Solteszova12Lowest.pdf},
    isbn = {9783905674385}
}

@article{Solteszova2012a,
    title = {{Lowest-Variance Streamlines for Filtering of 3D Ultrasound}},
    year = {2012},
    journal = {Eurographics Workshop on Visual Computing for Biology and Medicine},
    author = {Solteszova, Veronika and Helljesen, Linn Emilie Saevil and Wein, Wolfgang and Gilja, Odd Helge and Viola, Ivan},
    url = {http://www.ii.uib.no/vis/publications/pdfs/Solteszova12Lowest.pdf},
    isbn = {9783905674385}
}

@article{DeAguiar2004,
    title = {{M3: Marker-free model reconstruction and motion tracking from 3D voxel data}},
    year = {2004},
    journal = {Proceedings - Pacific Conference on Computer Graphics and Applications},
    author = {De Aguiar, Edilson and Theobalt, Christian and Magnor, Marcus and Theisel, Holger and Seidel, Hans Peter},
    pages = {101--110},
    isbn = {0769522343},
    doi = {10.1109/PCCGA.2004.1348340},
    issn = {15504085}
}

@article{DeAguiar2004a,
    title = {{M3: Marker-free model reconstruction and motion tracking from 3D voxel data}},
    year = {2004},
    journal = {Proceedings - Pacific Conference on Computer Graphics and Applications},
    author = {De Aguiar, Edilson and Theobalt, Christian and Magnor, Marcus and Theisel, Holger and Seidel, Hans Peter},
    pages = {101--110},
    isbn = {0769522343},
    doi = {10.1109/PCCGA.2004.1348340},
    issn = {15504085}
}

@article{Theobalt2004,
    title = {{Marker-free kinematic skeleton estimation from sequences of volume data}},
    year = {2004},
    journal = {Proceedings of the ACM symposium on Virtual reality software and technology},
    author = {Theobalt, Christian and Aguiar, Edilson De and Magnor, Marcus a. and Theisel, Holger and Seidel, Hans-Peter},
    pages = {57--64},
    volume = {D},
    url = {http://portal.acm.org/citation.cfm?id=1077534.1077546%5Cnhttp://dblp.uni-trier.de/rec/bibtex/conf/vrst/TheobaltAMTS04},
    isbn = {1-58113-907-1},
    doi = {10.1145/1077534.1077546},
    keywords = {all or part of, kinematic skeleton, learning, model reconstruction, motion capture, or hard copies of, permission to make digital, this work for, tracking, ume processing, vol-}
}

@article{Hill2001a,
    title = {{Medical image registration.}},
    year = {2001},
    journal = {Physics in Medicine and Biology},
    author = {Hill, D L and Batchelor, P G and Holden, M and Hawkes, D J},
    number = {3},
    pages = {R1-R45},
    volume = {46},
    isbn = {0849300649},
    doi = {10.1088/0031-9155/46/3/201},
    issn = {0031-9155},
    pmid = {11277237},
    arxivId = {arXiv:1011.1669v3}
}

@article{Hill2001,
    title = {{Medical image registration.}},
    year = {2001},
    journal = {Physics in Medicine and Biology},
    author = {Hill, D L and Batchelor, P G and Holden, M and Hawkes, D J},
    number = {3},
    pages = {R1-R45},
    volume = {46},
    isbn = {0849300649},
    doi = {10.1088/0031-9155/46/3/201},
    issn = {0031-9155},
    pmid = {11277237},
    arxivId = {arXiv:1011.1669v3}
}

@article{Oliveira2014a,
    title = {{Medical image registration: A review}},
    year = {2014},
    journal = {Computer Methods in Biomechanics and Biomedical Engineering},
    author = {Oliveira, Francisco P.M. and Tavares, João Manuel R.S.},
    number = {2},
    pages = {73--93},
    volume = {17},
    isbn = {1025-5842},
    doi = {10.1080/10255842.2012.670855},
    issn = {10255842},
    pmid = {22435355},
    keywords = {computational methods, geometrical transformations, image alignment, matching, warping, image analysis, optimisation, similarity measures}
}

@article{Oliveira2014,
    title = {{Medical image registration: A review}},
    year = {2014},
    journal = {Computer Methods in Biomechanics and Biomedical Engineering},
    author = {Oliveira, Francisco P.M. and Tavares, João Manuel R.S.},
    number = {2},
    pages = {73--93},
    volume = {17},
    isbn = {1025-5842},
    doi = {10.1080/10255842.2012.670855},
    issn = {10255842},
    pmid = {22435355},
    keywords = {computational methods, geometrical transformations, image alignment, matching, warping, image analysis, optimisation, similarity measures}
}

@misc{AG,
    title = {{MeVisLab}},
    author = {AG, MeVis Medical Solutions},
    url = {https://www.mevislab.de/}
}

@article{Sundaresan2009,
    title = {{Multicamera tracking of articulated human motion using shape and motion cues}},
    year = {2009},
    journal = {IEEE Transactions on Image Processing},
    author = {Sundaresan, Aravind and Chellappa, Rama},
    number = {9},
    pages = {2114--2126},
    volume = {18},
    isbn = {1057-7149 VO - 18},
    doi = {10.1109/TIP.2009.2022290},
    issn = {10577149},
    pmid = {19423441},
    keywords = {Biological system modeling, Estimation, Humans, Motion segmentation, No Index Terms Provided, Shape, Three dimensional displays, Tracking}
}

@article{Solteszova2017,
    title = {{Output-Sensitive Filtering of Streaming Volume Data}},
    year = {2017},
    journal = {Computer Graphics Forum},
    author = {Solteszova, Veronika and Birkeland, Åsmund and Stoppel, Sergej and Viola, Ivan and Bruckner, Stefan},
    number = {1},
    pages = {249--262},
    volume = {36},
    isbn = {0167-7055 (Print)0167-7055 (Linking)},
    doi = {10.1111/cgf.12799},
    issn = {14678659},
    pmid = {28356607},
    keywords = {Categories and Subject Descriptors (according to A, object-order imaging, visibility, volume data processing}
}

@article{Gagvani1999,
    title = {{Parameter Controlled Volume Thinning}},
    year = {1999},
    journal = {Current},
    author = {Gagvani, Nikhil and Gagvani, Nikhil and Corporation, Sarnoff and Corporation, Sarnoff and Silver, Deborah and Silver, Deborah and Building, Core and Building, Core},
    number = {May},
    pages = {1--15}
}

@article{Baran,
    title = {{Penalty Functions for Automatic Rigging and Animation of 3D Characters}},
    author = {Baran, Ilya},
    pages = {2--3}
}

@article{Nakao2010,
    title = {{Physics-based interactive volume manipulation for sharing surgical process}},
    year = {2010},
    journal = {IEEE Transactions on Information Technology in Biomedicine},
    author = {Nakao, Megumi and Minato, Kotaro},
    number = {3},
    pages = {809--816},
    volume = {14},
    isbn = {1558-0032},
    doi = {10.1109/TITB.2010.2043460},
    issn = {10897771},
    pmid = {20371420},
    keywords = {Finite-element modeling (FEM), Interactive volume manipulation, Surgical simulation, Volume graphics}
}

@article{Drouin2018,
    title = {{PRISM: An open source framework for the interactive design of GPU volume rendering shaders}},
    year = {2018},
    journal = {PLoS ONE},
    author = {Drouin, Simon and Collins, D. Louis},
    number = {3},
    pages = {1--22},
    volume = {13},
    isbn = {1111111111},
    doi = {10.1371/journal.pone.0193636},
    issn = {19326203}
}

@article{Staring2010,
    title = {{Pulmonary Image Registration with elastix using a Standard Intensity-Based Algorithm}},
    year = {2010},
    journal = {MICCAI2010 Workshop: Medical Image Analysis For The Clinic - A Grand Challenge},
    author = {Staring, Marius and Klein, Stefan and Reiber, Johan H C and Niessen, Wiro J and Stoel, Berend C},
    pages = {73--79},
    keywords = {elastix, evaluation, pulmonary image registration}
}

@article{ye2012,
    title = {{Real time image-based tracking of 4D ultrasound data.}},
    year = {2012},
    journal = {Medical image computing and computer-assisted intervention : MICCAI ... International Conference on Medical Image Computing and Computer-Assisted Intervention},
    author = {{\O}ye, Ola Kristoffer and Wein, Wolfgang and Ulvang, Dag Magne and Matre, Knut and Viola, Ivan},
    number = {Pt 1},
    pages = {447--54},
    volume = {15},
    url = {http://www.ncbi.nlm.nih.gov/pubmed/23285582},
    isbn = {978-3-642-33414-6},
    issn = {16113349},
    pmid = {23285582},
    keywords = {Algorithms, Automated, Computer-Assisted, Computer-Assisted: methods, Diagnostic Imaging, Diagnostic Imaging: methods, Humans, Image Processing, Imaging, Liver, Liver: pathology, Magnetics, Models, Motion, Movement, Pattern Recognition, Phantoms, Respiration, Statistical, Ultrasonography, Ultrasonography: methods}
}

@article{Sun2006,
    title = {{Regression-Based Human Motion Capture From Voxel Data}},
    year = {2006},
    journal = {Procedings of the British Machine Vision Conference 2006},
    author = {Sun, Y and Bray, M and Thayananthan, A and Yuan, B and Torr, P.},
    number = {2006},
    pages = {1--29},
    url = {http://www.macs.hw.ac.uk/bmvc2006/papers/087.pdf%0Ahttp://www.bmva.org/bmvc/2006/papers/087.html},
    isbn = {1-901725-32-4},
    doi = {10.5244/C.20.29}
}

@article{Stoppel2018,
    title = {{Smart Surrogate Widgets for Direct Volume Manipulation}},
    year = {2018},
    journal = {IEEE Pacific Visualization Symposium},
    author = {Stoppel, Sergej and Bruckner, Stefan},
    pages = {36--45},
    volume = {2018-April},
    isbn = {9781538614242},
    doi = {10.1109/PacificVis.2018.00014},
    issn = {21658773},
    keywords = {Interaction Design, User interface design, [Human-centered computing]: Interaction}
}

@article{Jalba2013,
    title = {{Surface and curve skeletonization of large 3D models on the GPU}},
    year = {2013},
    journal = {IEEE Transactions on Pattern Analysis and Machine Intelligence},
    author = {Jalba, Andrei C. and Kustra, Jacek and Telea, Alexandru C.},
    number = {6},
    pages = {1495--1508},
    volume = {35},
    isbn = {1939-3539 (Electronic){\textbackslash}r0098-5589 (Linking)},
    doi = {10.1109/TPAMI.2012.212},
    issn = {01628828},
    pmid = {23599061},
    keywords = {Geodesics, Medial axes, Skeleton regularization}
}

@article{Lowekamp2013,
    title = {{The Design of SimpleITK}},
    year = {2013},
    journal = {Frontiers in Neuroinformatics},
    author = {Lowekamp, Bradley C. and Chen, David T. and Ib{\'{a}}{\~{n}}ez, Luis and Blezek, Daniel},
    number = {December},
    pages = {1--14},
    volume = {7},
    url = {http://journal.frontiersin.org/article/10.3389/fninf.2013.00045/abstract},
    isbn = {2762010004},
    doi = {10.3389/fninf.2013.00045},
    issn = {1662-5196},
    pmid = {24416015},
    keywords = {image processing and analysis, image processing software, insight toolkit, segmentation, software design, software design, Insight Toolkit, segmentation, so, software development}
}

@misc{Slicer3DSlicer,
    title = {{3D Slicer}},
    author = {{Slicer}},
    url = {https://www.slicer.org/}
}

@article{Fedorov20123DNetwork,
    title = {{3D Slicer as an image computing platform for the Quantitative Imaging Network}},
    year = {2012},
    journal = {Magnetic Resonance Imaging},
    author = {Fedorov, Andriy and Beichel, Reinhard and Kalpathy-Cramer, Jayashree and Finet, Julien and Fillion-Robin, Jean-Christophe and Pujol, Sonia and Bauer, Christian and Jennings, Dominique and Fennessy, Fiona and Sonka, Milan and Buatti, John and Aylward, Stephen and Miller, James V and Pieper, Steve and Kikinis, Ron},
    number = {9},
    month = {11},
    pages = {1323--1341},
    volume = {30},
    url = {https://linkinghub.elsevier.com/retrieve/pii/S0730725X12001816},
    doi = {10.1016/j.mri.2012.05.001},
    issn = {0730725X}
}

@article{Pantuwong2011AAnimation,
    title = {{A fully automatic rigging algorithm for 3D character animation}},
    year = {2011},
    author = {Pantuwong, Natapon and Sugimoto, Masanori},
    pages = {1},
    isbn = {9781450308076},
    doi = {10.1145/2073304.2073337},
    keywords = {animation, are located on each, automatic rigging, automatic rigging, skeleton, animation, template, curve skeleton by using, figure 1, ik joints, red, segment of the input, skeleton, template, the proposed method}
}

@article{Ma1996AApplications,
    title = {{A Fully Parallel 3D Thinning Algorithm and Its Applications}},
    year = {1996},
    journal = {Computer Vision and Image Understanding},
    author = {Ma, C Min and Sonka, Milan},
    number = {3},
    pages = {420--433},
    volume = {64},
    url = {https://ac.els-cdn.com/S1077314296900697/1-s2.0-S1077314296900697-main.pdf?_tid=599c5f60-41f2-49f2-a7e7-86408830be6b&acdnat=1550277043_a01cc3ff373183734cfe3a8c09bb28af}
}

@article{Bornik2006AData,
    title = {{A hybrid user interface for manipulation of volumetric medical data}},
    year = {2006},
    journal = {3DUI 2006: IEEE Symposium on 3D User Interfaces 2006 - Proceedings},
    author = {Bornik, Alexander and Beichel, Reinhard and Kruijff, Ernst and Reitinger, Bernhard and Schmalstieg, Dieter},
    pages = {29--36},
    volume = {2006},
    isbn = {1424402255},
    doi = {10.1109/VR.2006.8}
}

@article{Bertrand2006AKernels,
    title = {{A New 3D Parallel Thinning Scheme Based on Critical Kernels}},
    year = {2006},
    author = {Bertrand, Gilles and Couprie, Michel},
    pages = {580--591},
    doi = {10.1007/11907350{\_}49}
}

@article{Huang2017ATechnology,
    title = {{A Review on Real-Time 3D Ultrasound Imaging Technology}},
    year = {2017},
    author = {Huang, Qinghua and Zeng, Zhaozheng},
    volume = {2017}
}

@article{Brunner2005AnSegmentation,
    title = {{An extended concept of voxel neighborhoods for correct thinning in mesh segmentation}},
    year = {2005},
    author = {Brunner, David and Brunnett, Guido},
    number = {January 2005},
    pages = {119},
    doi = {10.1145/1090122.1090143},
    keywords = {mesh segmentation, skeleton graph, thinning, volume genera-}
}

@article{Brunner2005AnSegmentationb,
    title = {{An extended concept of voxel neighborhoods for correct thinning in mesh segmentation}},
    year = {2005},
    author = {Brunner, David and Brunnett, Guido},
    pages = {119},
    doi = {10.1145/1090122.1090143},
    keywords = {mesh segmentation, skeleton graph, thinning, volume genera-}
}

@article{Maintz1996AnMethods,
    title = {{An Overview of Medical Image Registration Methods}},
    year = {1996},
    journal = {Utrecht University Repository},
    author = {Maintz, J B Antoine and Viergever, Max a},
    number = {6},
    pages = {1--22},
    volume = {12},
    url = {http://citeseerx.ist.psu.edu/viewdoc/summary?doi=10.1.1.39.4417},
    isbn = {0924-3275},
    doi = {10.1.1.39.4417},
    issn = {1361-8415},
    pmid = {16830401},
    keywords = {image registration, intrinsic method}
}

@article{McdonaldAnimatedAxis,
    title = {{Animated CGEM: Rotation About an Arbitrary Axis}},
    journal = {Foundations},
    author = {Mcdonald, John},
    keywords = {basic graphics algorithms, mathematical foundations, transformations}
}

@article{BrunnerAutomaticTransformation,
    title = {{Automatic bone generation for character animation using the discrete medial axis transformation}},
    journal = {Tu-Chemnitz.De},
    author = {Brunner, D and Brunnett, G},
    url = {https://www.tu-chemnitz.de/informatik/HomePages/GDV/forschung/doc/mi_prof_publik_154.pdf},
    keywords = {character animation, medial axis, modelling, skeleton graph}
}

@article{Bharaj2012AutomaticallyCharacters,
    title = {{Automatically rigging multi-component characters}},
    year = {2012},
    journal = {Computer Graphics Forum},
    author = {Bharaj, Gaurav and Thorm{\"{a}}hlen, Thorsten and Seidel, Hans Peter and Theobalt, Christian},
    number = {2},
    pages = {755--764},
    volume = {31},
    doi = {10.1111/j.1467-8659.2012.03034.x},
    issn = {14678659}
}

@article{Feng2015AvatarModel,
    title = {{Avatar reshaping and automatic rigging using a deformable model}},
    year = {2015},
    author = {Feng, Andrew and Casas, Dan and Shapiro, Ari},
    pages = {57--64},
    isbn = {9781450339919},
    doi = {10.1145/2822013.2822017},
    keywords = {3d scanning, deformable model, rigging, rigging, 3d scanning, deformable model, SCAPE, scape}
}

@misc{SpecialboyBebyModel,
    title = {{Beby Fetus Infant 3D Model}},
    booktitle = {People - Human Anatomy 3D Models},
    author = {{Specialboy}},
    url = {https://www.3dcadbrowser.com/3d-model/baby-fetus-infant}
}

@misc{Andruejol2014BenderModules,
    title = {{Bender Modules}},
    year = {2014},
    author = {Andruejol, Johan},
    url = {https://public.kitware.com/Wiki/Bender/Documentation/2.0/Modules/}
}

@incollection{Finet2014Bender:Morphing,
    title = {{Bender: An Open Source Software for Efficient Model Posing and Morphing}},
    year = {2014},
    author = {Finet, Julien and Ortiz, Ricardo and Andruejol, Johan and Enquobahrie, Andinet and Jomier, Julien and Payne, Jason and Aylward, Stephen},
    pages = {203--210},
    url = {http://link.springer.com/10.1007/978-3-319-12057-7_23},
    isbn = {978-3-319-12057-7; 978-3-319-12056-0},
    doi = {10.1007/978-3-319-12057-7{\_}23},
    issn = {0302-9743},
    pmid = {10953901}
}

@article{Bharaj2012Bharaj-EG2012.pdf,
    title = {{Bharaj-EG2012.pdf}},
    year = {2012},
    author = {Bharaj, Gaurav and Thorm{\"{a}}hlen, Thorsten and Seidel, Hans-peter and Theobalt, Christian},
    number = {2},
    volume = {31}
}

@misc{Foundation2019Blender,
    title = {{Blender}},
    year = {2019},
    booktitle = {blender.org},
    author = {Foundation, Stichting Blender},
    url = {https://www.blender.org/}
}

@article{Cornea2005ComputingObjects,
    title = {{Computing hierarchical curve-skeletons of 3D objects}},
    year = {2005},
    journal = {Visual Computer},
    author = {Cornea, Nicu D. and Silver, Deborah and Yuan, Xiaosong and Balasubramanian, Raman},
    number = {11},
    pages = {945--955},
    volume = {21},
    doi = {10.1007/s00371-005-0308-0},
    issn = {01782789},
    keywords = {3D curve-skeleton, Repulsive force field}
}

@article{Correa2010ConstrainedDeformation,
    title = {{Constrained illustrative volume deformation}},
    year = {2010},
    journal = {Computers and Graphics (Pergamon)},
    author = {Correa, Carlos D. and Silver, Deborah and Chen, Min},
    number = {4},
    pages = {370--377},
    volume = {34},
    publisher = {Elsevier},
    url = {http://dx.doi.org/10.1016/j.cag.2010.01.007},
    doi = {10.1016/j.cag.2010.01.007},
    issn = {00978493},
    keywords = {Displacement mapping, GPU-based rendering, Illustrative deformation, Volume rendering}
}

@misc{Squidifier2010DetailedMan,
    title = {{Detailed Man}},
    year = {2010},
    booktitle = {turboquid.com},
    author = {Squidifier, The},
    url = {https://www.turbosquid.com/3d-models/free-obj-mode-human/544305}
}

@article{Sivignon2009DiscreteImagery,
    title = {{Discrete Geometry for Computer Imagery}},
    year = {2009},
    journal = {Pattern Recognition},
    author = {Sivignon, Isabelle and Coeurjolly, David and Tougne, Laures},
    number = {10},
    pages = {2219},
    volume = {42},
    isbn = {978-3-540-47651-1},
    doi = {10.1016/j.patcog.2008.12.006},
    issn = {00313203}
}

@article{Guo2014EffectsImpurities,
    title = {{Effects of {$\gamma$}-ray irradiation on optical absorption and laser damage performance of KDP crystals containing arsenic impurities}},
    year = {2014},
    journal = {Optics Express},
    author = {Guo, D. C. and Jiang, X. D. and Huang, J. and Wang, F. R. and Liu, H. J. and Xiang, X. and Yang, G. X. and Zheng, W. G. and Zu, X. T.},
    number = {23},
    pages = {29020},
    volume = {22},
    url = {https://www.osapublishing.org/oe/abstract.cfm?uri=oe-22-23-29020},
    doi = {10.1364/OE.22.029020},
    issn = {1094-4087}
}

@article{Aylward2014EfficientSoftware,
    title = {{Efficient Model Posing and Morphing Software}},
    year = {2014},
    author = {Aylward, Stephen and Park, Clifton}
}

@article{Hadlock1984EstimatingParameters.,
    title = {{Estimating fetal age: computer-assisted analysis of multiple fetal growth parameters.}},
    year = {1984},
    journal = {Radiology},
    author = {Hadlock, F P and Deter, R L and Harrist, R B and Park, S K},
    number = {2},
    month = {8},
    pages = {497--501},
    volume = {152},
    url = {http://pubs.rsna.org/doi/10.1148/radiology.152.2.6739822},
    doi = {10.1148/radiology.152.2.6739822},
    issn = {0033-8419}
}

@article{Baschat2011ExaminationSystem,
    title = {{Examination of the fetal cardiovascular system}},
    year = {2011},
    journal = {Seminars in Fetal and Neonatal Medicine},
    author = {Baschat, Ahmet A.},
    number = {1},
    pages = {2--12},
    volume = {16},
    publisher = {Elsevier Ltd},
    url = {http://dx.doi.org/10.1016/j.siny.2010.09.002},
    isbn = {1878-0946 (Electronic){\textbackslash}r1744-165X (Linking)},
    doi = {10.1016/j.siny.2010.09.002},
    issn = {1744165X},
    pmid = {20864421},
    keywords = {Arrhythmia, Arterial Doppler, Fetus, Growth restriction, Twin pregnancy, Venous Doppler}
}

@article{Baschat2011ExaminationSystemb,
    title = {{Examination of the fetal cardiovascular system}},
    year = {2011},
    journal = {Seminars in Fetal and Neonatal Medicine},
    author = {Baschat, Ahmet A.},
    number = {1},
    pages = {2--12},
    volume = {16},
    publisher = {Elsevier Ltd},
    url = {http://dx.doi.org/10.1016/j.siny.2010.09.002},
    isbn = {1878-0946 (Electronic){\textbackslash}r1744-165X (Linking)},
    doi = {10.1016/j.siny.2010.09.002},
    issn = {1744165X},
    pmid = {20864421},
    keywords = {Arrhythmia, Arterial Doppler, Fetus, Growth restriction, Twin pregnancy, Venous Doppler}
}

@article{Wu2018FastGPU,
    title = {{Fast fluid simulations with sparse volumes on the GPU}},
    year = {2018},
    journal = {Computer Graphics Forum},
    author = {Wu, Kui and Truong, Nghia and Yuksel, Cem and Hoetzlein, Rama},
    number = {2},
    pages = {157--167},
    volume = {37},
    doi = {10.1111/cgf.13350},
    issn = {14678659},
    keywords = {Massively parallel and high-performance simulation, Physical simulation}
}

@article{Wu2018FastGPUb,
    title = {{Fast fluid simulations with sparse volumes on the GPU}},
    year = {2018},
    journal = {Computer Graphics Forum},
    author = {Wu, Kui and Truong, Nghia and Yuksel, Cem and Hoetzlein, Rama},
    number = {2},
    pages = {157--167},
    volume = {37},
    doi = {10.1111/cgf.13350},
    issn = {14678659},
    keywords = {Massively parallel and high-performance simulation, Physical simulation}
}

@article{Loughna2009FetalPractice,
    title = {{Fetal Size and Dating: Charts Recommended for Clinical Obstetric Practice}},
    year = {2009},
    journal = {Ultrasound},
    author = {Loughna, Pam and Chitty, Lyn and Evans, Tony and Chudleigh, Trish},
    number = {3},
    pages = {160--166},
    volume = {17},
    url = {http://journals.sagepub.com/doi/10.1179/174313409X448543},
    isbn = {1742271X{\textbackslash}r17431344},
    doi = {10.1179/174313409X448543},
    issn = {1742-271X}
}

@misc{BruceBlausFetalUltrasound,
    title = {{Fetal ultrasound}},
    author = {{BruceBlaus}},
    url = {https://commons.wikimedia.org/wiki/File:Fetal_Ultrasound.png}
}

@article{Schild2000FetalUltrasound,
    title = {{Fetal weight estimation by three-dimensional ultrasound}},
    year = {2000},
    journal = {Ultrasound in Obstetrics and Gynecology},
    author = {Schild, R. L. and Fimmers, R. and Hansmann, M.},
    number = {5},
    pages = {445--452},
    volume = {16},
    doi = {10.1046/j.1469-0705.2000.00249.x},
    issn = {09607692},
    keywords = {3D volumetry, Fetal weight estimation, Three-dimensional ultrasound}
}

@article{Schild2000FetalUltrasoundb,
    title = {{Fetal weight estimation by three-dimensional ultrasound}},
    year = {2000},
    journal = {Ultrasound in Obstetrics and Gynecology},
    author = {Schild, R. L. and Fimmers, R. and Hansmann, M.},
    number = {5},
    pages = {445--452},
    volume = {16},
    doi = {10.1046/j.1469-0705.2000.00249.x},
    issn = {09607692},
    keywords = {3D volumetry, Fetal weight estimation, Three-dimensional ultrasound}
}

@article{Schild2000FetalUltrasoundc,
    title = {{Fetal weight estimation by three-dimensional ultrasound}},
    year = {2000},
    journal = {Ultrasound in Obstetrics and Gynecology},
    author = {Schild, R. L. and Fimmers, R. and Hansmann, M.},
    number = {5},
    pages = {445--452},
    volume = {16},
    doi = {10.1046/j.1469-0705.2000.00249.x},
    issn = {09607692},
    pmid = {11169329},
    keywords = {3D volumetry, Fetal weight estimation, Three-dimensional ultrasound}
}

@article{Dionne2013GeodesicMeshes,
    title = {{Geodesic voxel binding for production character meshes}},
    year = {2013},
    author = {Dionne, Olivier and de Lasa, Martin},
    number = {C},
    pages = {173},
    doi = {10.1145/2485895.2485919},
    keywords = {animation, autodesk, com, deformations, delasa, dionne, e-mail, martin, olivier, skinning, voxelization}
}

@article{Tran2009HandInitialization,
    title = {{Hand modeling and tracking from voxel data: An integrated framework with automatic initialization}},
    year = {2009},
    author = {Tran, Cuong and Trivedi, Mohan M.},
    number = {January 2009},
    pages = {1--4},
    isbn = {9781424421756},
    doi = {10.1109/icpr.2008.4761124}
}

@article{Causo2009HandModel,
    title = {{Hand pose estimation using voxel-based individualized hand model}},
    year = {2009},
    journal = {IEEE/ASME International Conference on Advanced Intelligent Mechatronics, AIM},
    author = {Causo, Albert and Matsuo, Mai and Ueda, Etsuko and Takemura, Kentaro and Matsumoto, Yoshio and Takamatsu, Jun and Ogasawara, Tsukasa},
    number = {April 2016},
    pages = {451--456},
    isbn = {9781424428533},
    doi = {10.1109/AIM.2009.5229971}
}

@article{Mikic2007HumanData,
    title = {{Human Body Model Acquisition and Motion Capture Using Voxel Data}},
    year = {2007},
    author = {Miki{\'{c}}, Ivana and Trivedi, Mohan and Hunter, Edward and Cosman, Pamela},
    pages = {104--118},
    doi = {10.1007/3-540-36138-3{\_}9}
}

@article{Grest2005HumanImages,
    title = {{Human model fitting from monocular posture images}},
    year = {2005},
    journal = {Proc. VMV},
    author = {Grest, Daniel and Herzog, Dennis and Koch, Reinhard},
    pages = {665--1344}
}

@misc{Ecosystem2018ImageJ,
    title = {{ImageJ}},
    year = {2018},
    booktitle = {imagej.com},
    author = {Ecosystem, ImageJ},
    url = {https://imagej.net/Welcome}
}

@article{Magnenat-Thalmann1988Joint-DependentGrasping,
    title = {{Joint-Dependent Local Deformations for Hand Animation and Object Grasping}},
    year = {1988},
    journal = {Proceedings on Graphics Interface '88},
    author = {Magnenat-Thalmann, Nadia and Laperri{\`{e}}re, Richard and Thalmann, Daniel},
    pages = {26--33},
    keywords = {hand animation, keyframe, muscle inflation, object grasping, synthetic actor}
}

@article{Siddiqi2010List2010,
    title = {{List of literature 2010}},
    year = {2010},
    author = {Siddiqi, Kaleem and Damon, James N and Zucker, Steven W},
    number = {November},
    pages = {1--5},
    doi = {https://doi.org/10.1023/A:1026135101267}
}

@article{Silaghi1998LocalFields,
    title = {{Local and Global Skeleton Fitting Techniques for Optical Motion Capture Skeleton Fitting Techniques in Related Fields}},
    year = {1998},
    journal = {Modelling and Motion Capture Techniques for Virtual Environments},
    author = {Silaghi, Marius-calin and Pl{\"{a}}nkers, Ralf and Boulic, Ronan and Fua, Pascal},
    pages = {26--40}
}

@article{Solteszova2012Lowest-VarianceUltrasound,
    title = {{Lowest-Variance Streamlines for Filtering of 3D Ultrasound}},
    year = {2012},
    journal = {Eurographics Workshop on Visual Computing for Biology and Medicine},
    author = {Solteszova, Veronika and Helljesen, Linn Emilie Saevil and Wein, Wolfgang and Gilja, Odd Helge and Viola, Ivan},
    url = {http://www.ii.uib.no/vis/publications/pdfs/Solteszova12Lowest.pdf}
}

@article{DeAguiar2004M3:Data,
    title = {{M3: Marker-free model reconstruction and motion tracking from 3D voxel data}},
    year = {2004},
    journal = {Proceedings - Pacific Conference on Computer Graphics and Applications},
    author = {De Aguiar, Edilson and Theobalt, Christian and Magnor, Marcus and Theisel, Holger and Seidel, Hans Peter},
    pages = {101--110},
    isbn = {0769522343},
    doi = {10.1109/PCCGA.2004.1348340},
    issn = {15504085}
}

@article{DeAguiar2004M3:Datab,
    title = {{M3: Marker-free model reconstruction and motion tracking from 3D voxel data}},
    year = {2004},
    journal = {Proceedings - Pacific Conference on Computer Graphics and Applications},
    author = {De Aguiar, Edilson and Theobalt, Christian and Magnor, Marcus and Theisel, Holger and Seidel, Hans Peter},
    pages = {101--110},
    isbn = {0769522343},
    doi = {10.1109/PCCGA.2004.1348340},
    issn = {15504085}
}

@article{Theobalt2004Marker-freeDescriptors,
    title = {{Marker-free Kinematic Skeleton Estimation from Sequences of Volume Data Categories and Subject Descriptors}},
    year = {2004},
    journal = {Others},
    author = {Theobalt, Christian and Aguiar, Edilson De and Magnor, Marcus A},
    volume = {D},
    isbn = {1581139071},
    keywords = {all or part of, kinematic skeleton, learning, model reconstruction, motion capture, or hard copies of, permission to make digital, this work for, tracking, ume processing, vol-}
}

@article{Tang2013MedicalReview,
    title = {{Medical image registration: A review}},
    year = {2013},
    journal = {Medical Imaging: Technology and Applications},
    author = {Tang, Lisa and Hamarneh, Ghassan},
    number = {January},
    pages = {619--660},
    isbn = {9781466582637},
    doi = {10.1201/b15511},
    issn = {10255842},
    pmid = {22435355}
}

@article{Pizer2003MultiscaleProperties,
    title = {{Multiscale medial loci and their properties}},
    year = {2003},
    journal = {International Journal of Computer Vision},
    author = {Pizer, Stephen M. and Siddiqi, Kaleem and Sz{\'{e}}kely, Gabor and Damon, James N. and Zucker, Steven W.},
    number = {2-3},
    pages = {155--179},
    volume = {55},
    doi = {10.1023/A:1026135101267},
    issn = {09205691},
    keywords = {Medial loci, Multiscale, Shape}
}

@article{Hoetzlein2018NvidiaVoxels,
    title = {{Nvidia GVDB Voxels}},
    year = {2018},
    author = {Hoetzlein, Rama},
    pages = {80},
    url = {https://github.com/NVIDIA/gvdb-voxels/blob/master/GVDB_Programming_Guide.pdf}
}

@article{Palagyi1999ParallelAlgorithm,
    title = {{Parallel 3D 12-subiteration thinning algorithm}},
    year = {1999},
    journal = {Graphical Models and Image Processing},
    author = {Pal{\'{a}}gyi, Kálmán and Kuba, Attila},
    number = {4},
    pages = {199--221},
    volume = {61},
    doi = {10.1006/gmip.1999.0498},
    issn = {10773169}
}

@article{Gagvani1999Parameter-controlledThinning,
    title = {{Parameter-controlled volume thinning}},
    year = {1999},
    journal = {Graphical Models and Image Processing},
    author = {Gagvani, Nikhil and Silver, Deborah},
    number = {3},
    pages = {149--164},
    volume = {61},
    doi = {10.1006/gmip.1999.0495},
    issn = {10773169}
}

@misc{PinocchioYouTube,
    title = {{Pinocchio Automatic Rigging and Animation of 3D Characters - YouTube}}
}

@article{Zhu2015PredictingPhotos,
    title = {{Predicting Realistic and Precise Human Body Models Under Clothing Based on Orthogonal-view Photos}},
    year = {2015},
    journal = {Procedia Manufacturing},
    author = {Zhu, Shuaiyin and Mok, P. Y.},
    number = {Ahfe},
    pages = {3812--3819},
    volume = {3},
    publisher = {Elsevier B.V.},
    url = {http://dx.doi.org/10.1016/j.promfg.2015.07.884},
    isbn = {8522766444},
    doi = {10.1016/j.promfg.2015.07.884},
    issn = {23519789},
    keywords = {Artificial neural networks, Computer graphics, Deformation technology, Human body modelling}
}

@article{Dong2013PreliminaryAnomalies,
    title = {{Preliminary experience with cardiovascular magnetic resonance in evaluation of fetal cardiovascular anomalies}},
    year = {2013},
    journal = {Journal of Cardiovascular Magnetic Resonance},
    author = {Dong, Su Zhen and Zhu, Ming and Li, Fen},
    number = {1},
    pages = {1--12},
    volume = {15},
    doi = {10.1186/1532-429X-15-40},
    issn = {10976647},
    keywords = {Cardiac malformations, Cardiovascular magnetic resonance, Congenital heart disease, Fetus, Prenatal diagnosis}
}

@article{Vignola2003ProgressiveFitting,
    title = {{Progressive human skeleton fitting}},
    year = {2003},
    journal = {{\ldots} of the 16th Conference on Vision {\ldots}},
    author = {Vignola, Jérôme and Lalonde, JF and Bergevin, Robert},
    url = {http://vision.gel.ulaval.ca/~vignolaj/vignolaVI03.pdf%0Ahttp://www.cipprs.org/papers/VI/VI2003/papers/S1/S1_vignola_116.pdf},
    keywords = {distance, pose estimation, skeleton fitting, stick-model, transform}
}

@article{Bonet-Carne2015QuantitativeMorbidity,
    title = {{Quantitative ultrasound texture analysis of fetal lungs to predict neonatal respiratory morbidity}},
    year = {2015},
    journal = {Ultrasound in Obstetrics and Gynecology},
    author = {Bonet-Carne, E. and Palacio, M. and Cobo, T. and Perez-Moreno, A. and Lopez, M. and Piraquive, J. P. and Ramirez, J. C. and Botet, F. and Marques, F. and Gratacos, E.},
    number = {4},
    pages = {427--433},
    volume = {45},
    doi = {10.1002/uog.13441},
    issn = {14690705},
    pmid = {24919442},
    keywords = {Fetal lung maturity, Image quantitative analysis, Neonatal respiratory morbidity, Texture analysis}
}

@article{Shapiro2014RapidSensors,
    title = {{Rapid avatar capture and simulation using commodity depth sensors}},
    year = {2014},
    journal = {Computer Animation and Virtual Worlds},
    author = {Shapiro, Ari and Feng, Andrew and Wang, Ruizhe and Li, Hao and Bolas, Mark and Medioni, Gerard and Suma, Evan},
    number = {3-4},
    pages = {201--211},
    volume = {25},
    doi = {10.1002/cav.1579},
    issn = {1546427X},
    keywords = {Animation, Avatar, Image capture}
}

@article{Straka2011SkeletalReal-Time,
    title = {{Skeletal Graph Based Human Pose Estimation in Real-Time}},
    year = {2011},
    author = {Straka, Matthias and Hauswiesner, Stefan and R{\"{u}}ther, Matthias and Bischof, Horst},
    pages = {1--69},
    doi = {10.5244/c.25.69}
}

@article{Prohaska2007Skeleton-basedArchitecture,
    title = {{Skeleton-based visualization of massive voxel objects with network-like architecture}},
    year = {2007},
    author = {Prohaska, Steffen},
    pages = {138},
    url = {http://opus.kobv.de/ubp/volltexte/2007/1488/},
    keywords = {Bilddatenanalyse, Geometrieerzeugung, I/O-effiziente Algorithmen, Skelettberechnung, Visualisierung, external memory algorithms, geometry generation, image data analysis, skeletonization, visualization}
}

@misc{Pederkoff2015Stl-to-voxel,
    title = {{stl-to-voxel}},
    year = {2015},
    booktitle = {Github},
    author = {Pederkoff, Christian},
    url = {https://github.com/cpederkoff/stl-to-voxel}
}

@article{Visutsak2009TheAnimation,
    title = {{The smoothed 3D skeleton for animation}},
    year = {2009},
    journal = {NCM 2009 - 5th International Joint Conference on INC, IMS, and IDC},
    author = {Visutsak, Porawat and Prachumrak, Korakot},
    pages = {1348--1353},
    publisher = {IEEE},
    isbn = {9780769537696},
    doi = {10.1109/NCM.2009.36},
    keywords = {Chord-to-point distance accumulation, Skeleton, Skeleton pruning, Skeleton smoothing}
}

@article{Runions2008TheCalgary,
    title = {{the University of Calgary}},
    year = {2008},
    journal = {Topology},
    author = {Runions, Adam},
    volume = {M}
}

@article{Runions2008TheCalgaryb,
    title = {{the University of Calgary}},
    year = {2008},
    journal = {Topology},
    author = {Runions, Adam},
    volume = {M}
}

@misc{daVinci1492TheMan,
    title = {{The Vitruvian Man}},
    year = {1492},
    booktitle = {Wikimedia Commons Public Domain},
    author = {da Vinci, Leonardo},
    url = {https://lucnix.be/}
}

@article{Lee1995ThreeMode,
    title = {{Three dimensional ultrasound: abnormalities of the fetal face in surface and volume rendering mode}},
    year = {1995},
    journal = {BJOG: An International Journal of Obstetrics {\&} Gynaecology},
    author = {Lee, Andreas and Deutinger, Joshp and Bernaschek, Gerhard},
    number = {4},
    pages = {302--306},
    volume = {102},
    doi = {10.1111/j.1471-0528.1995.tb09136.x},
    issn = {14710528}
}

@article{Lee1995ThreeModeb,
    title = {{Three dimensional ultrasound: abnormalities of the fetal face in surface and volume rendering mode}},
    year = {1995},
    journal = {BJOG: An International Journal of Obstetrics {\&} Gynaecology},
    author = {Lee, Andreas and Deutinger, Joshp and Bernaschek, Gerhard},
    number = {4},
    pages = {302--306},
    volume = {102},
    doi = {10.1111/j.1471-0528.1995.tb09136.x},
    issn = {14710528},
    pmid = {7612513}
}

@incollection{Cortes2016UltrasoundEvaluation,
    title = {{Ultrasound Image Dataset for Image Analysis Algorithms Evaluation}},
    year = {2016},
    author = {Cortes, Camilo and Kabongo, Luis and Macia, Ivan and Ruiz, Oscar E. and Florez, Julian},
    pages = {447--457},
    url = {http://link.springer.com/10.1007/978-3-319-23024-5_41},
    doi = {10.1007/978-3-319-23024-5{\_}41}
}

@article{Museth2013VDB:Topography,
    title = {{VDB: high-resolution sparse volumes with dynamic topography}},
    year = {2013},
    journal = {ACM Transactions on Graphics},
    author = {Museth, Ken},
    number = {3},
    pages = {1--22},
    volume = {32},
    url = {http://dl.acm.org/citation.cfm?id=2487228.2487235},
    isbn = {0730-0301},
    doi = {10.1145/2487228.2487235},
    issn = {07300301},
    keywords = {Volumes, fluid animation, implicit surfaces, level sets}
}

@article{Zeng2012VideodrivenAnimation,
    title = {{Video‐driven state‐aware facial animation}},
    year = {2012},
    journal = {Animation and Virtual Worlds},
    author = {Zeng, Ming and Liang, Lin and Liu, Xinguo},
    number = {March},
    pages = {125--141},
    url = {http://onlinelibrary.wiley.com/doi/10.1002/cav.1455/full},
    doi = {10.1002/cav},
    keywords = {face state recognition, facial animation, state-aware face action estimation, video-driven animation}
}

@article{Zeng2012VideodrivenAnimationb,
    title = {{Video‐driven state‐aware facial animation}},
    year = {2012},
    journal = {Animation and Virtual Worlds},
    author = {Zeng, Ming and Liang, Lin and Liu, Xinguo},
    number = {May},
    pages = {121--131},
    url = {http://onlinelibrary.wiley.com/doi/10.1002/cav.1455/full},
    doi = {10.1002/cav},
    keywords = {face state recognition, facial animation, state-aware face action estimation, video-driven animation}
}

@article{Gagvani2004VolumeTree,
    title = {{Volume animation using the skeleton tree}},
    year = {2004},
    author = {Gagvani, Nikhil and Kenchammana-Hosekote, D. and Silver, D.},
    pages = {47--53},
    doi = {10.1145/288126.288152},
    keywords = {animation, skeleton, volume defor-, volume graphics}
}

@misc{VizLabVolumeToolbox,
    title = {{Volume Skeleton Matlab Toolbox}},
    booktitle = {coewww.rutgers.edu},
    author = {{VizLab}},
    url = {http://coewww.rutgers.edu/www2/vizlab/liliu/research/skeleton/VSK}
}

@misc{D.SilverK.yawsC.CorreaW.HurtP.Mason2005VolumetricSimulations,
    title = {{Volumetric Manipulation for Dosimetry Simulations}},
    year = {2005},
    booktitle = {Bioelectromagnetics},
    author = {D. Silver, K.yaws, C.Correa, W. Hurt, P. Mason, J.Ziria},
    url = {http://coewww.rutgers.edu/www2/vizlab/?q=node/44}
}